@misc{python,
  title = "{\it{The Python Language Reference}} [online]. c2010 [cited 2011-01-01]",
  note = "Available at: \url{http://docs.python.org/py3k/reference/}",
}

@misc{python2,
  title = "{Beazley, David. {\it{Python : referenční programátorská příručka}}. Praha : Neocortex, 2002}"
}

@misc{scstudio,
  title = "{\it{Scstudio : Sequence chart drawing and verification tool}} [online]. c2009 [cited 2011-01-01]",
  note = "Available at: \url{http://scstudio.sourceforge.net/index.html}",
}

@misc{scstudio2,
  title = "{Gotthard, Petr - Babica, Jindřich - Řehák, Vojtěch. {\it{Sequence Chart Studio 0.1: Basic Verification Algorithms}}. 2008.}"
}

@misc{babica,
  title = "{Jindřich Babica. {\it{Message Sequence Chart Properties and Checking Algorithms}}}",
  note = "Master Thesis. Masaryk University, Brno, January 2009"
}

@misc{visio,
  title = "{\it{Microsoft Visio}} [online]. c2010 [cited 2011-01-01]",
  note = "Available at: \url{http://office.microsoft.com/en-us-/visio/}",
}

@misc{lgpl,
  title = "{\it{The GNU General Public Licence v3.0}} [online]. c2010 [cited 2011-01-01]",
  note = "Available at: \url{http://www.gnu.org/licenses/gpl-3.0.html}",
}

@misc{bash,
  title = "{\it{Bash Reference Manual} [online]. c2011 [cited 2011-03-31]}",
  note = "Available at: \url{http://www.gnu.org/software/bash/manual/bashref.html}",
}

@misc{operators,
  title = "{\it{Standard operators as functions} [online]. c2011 [cited 2011-01-03]}",
  note = "Available at: \url{http://docs.python.org/py3k/library/operator.html}",
}

@misc{itu-t,
  title = "{\it{Telecommunication Standardization Sector (ITU-T)} [online]. c2011 [cited 2011-05-10]}",
  note = "Available at: \url{http://www.itu.int/ITU-T/}",
}

@misc{sdl-forum,
  title = "{\it{What is an MSC?} [online]. c2009 [cited 2011-05-10]}",
  note = "Available at: \url{http://www.sdl-forum.org/MSC/}",
}

@misc{z120,
  title = "\it{ITU Telecommunication Standardization Sector - Study group 17}",
  note = "ITU recommendation Z.120, Message Sequence Charts (MSC), 2004",
}
